@article{%s,
    author  = {%s},
    title   = {%s},
    journal = {%s},
    year    = {%s},
}

