@book{%s,
    author  = {%s},
    title   = {%s},
    publisher = {%s},
    year    = {%s},
}

